<record><leader>00000cas a2200000 a 4500</leader><controlfield tag="001">180688802</controlfield><controlfield tag="008">071103c19uu9999oruwr ne      0    0eng c</controlfield><datafield ind1=" " ind2=" " tag="010"><subfield code="a">  2007260204</subfield></datafield><datafield ind1=" " ind2=" " tag="040"><subfield code="a">ORU</subfield><subfield code="b">eng</subfield><subfield code="c">ORU</subfield><subfield code="d">ORU</subfield><subfield code="d">OCLCQ</subfield><subfield code="d">OCLCO</subfield><subfield code="d">OCLCF</subfield><subfield code="d">OCLCO</subfield></datafield><datafield ind1=" " ind2=" " tag="042"><subfield code="a">pcc</subfield></datafield><datafield ind1=" " ind2=" " tag="043"><subfield code="a">n-us-or</subfield><subfield code="a">n-us-wa</subfield></datafield><datafield ind1="0" ind2=" " tag="130"><subfield code="a">Capital press (Salem, Or. : 1991 : One star ed.)</subfield></datafield><datafield ind1="1" ind2="0" tag="245"><subfield code="a">Capital press.</subfield></datafield><datafield ind1=" " ind2=" " tag="250"><subfield code="a">[One star ed.].</subfield></datafield><datafield ind1=" " ind2=" " tag="260"><subfield code="a">Salem, OR :</subfield><subfield code="b">Press Pub. Co.</subfield></datafield><datafield ind1=" " ind2=" " tag="310"><subfield code="a">Weekly</subfield></datafield><datafield ind1=" " ind2=" " tag="500"><subfield code="a">One star ed. comprises the Eastern Ore./Eastern Wash. ed.</subfield></datafield><datafield ind1=" " ind2=" " tag="530"><subfield code="a">Also issued on microfilm from University of Oregon.</subfield></datafield><datafield ind1=" " ind2=" " tag="580"><subfield code="a">Issued also in [Two star] [Western Ore./Western Wash.], [Three star] California, and [Four star] Idaho editions.</subfield></datafield><datafield ind1=" " ind2=" " tag="588"><subfield code="a">Description based on: V. 71, no. 24 (June 14, 1991).</subfield></datafield><datafield ind1=" " ind2=" " tag="588"><subfield code="a">Latest issue consulted: V. 80, no. 43 (Oct. 26, 2007).</subfield></datafield><datafield ind1=" " ind2="0" tag="650"><subfield code="a">Agriculture</subfield><subfield code="z">Washington (State), Eastern</subfield><subfield code="v">Periodicals.</subfield></datafield><datafield ind1=" " ind2="0" tag="650"><subfield code="a">Agriculture</subfield><subfield code="z">Oregon, Eastern</subfield><subfield code="v">Periodicals.</subfield></datafield><datafield ind1=" " ind2="0" tag="651"><subfield code="a">Salem (Or.)</subfield><subfield code="v">Newspapers.</subfield></datafield><datafield ind1=" " ind2="7" tag="655"><subfield code="a">Newspapers.</subfield><subfield code="2">fast</subfield><subfield code="0">(OCoLC)fst01423814</subfield></datafield><datafield ind1=" " ind2="7" tag="655"><subfield code="a">Periodicals.</subfield><subfield code="2">fast</subfield><subfield code="0">(OCoLC)fst01411641</subfield></datafield><datafield ind1=" " ind2="7" tag="650"><subfield code="a">Agriculture.</subfield><subfield code="2">fast</subfield><subfield code="0">(OCoLC)fst00801355</subfield></datafield><datafield ind1=" " ind2="7" tag="651"><subfield code="a">Oregon, Eastern.</subfield><subfield code="2">fast</subfield><subfield code="0">(OCoLC)fst01692690</subfield></datafield><datafield ind1=" " ind2="7" tag="651"><subfield code="a">Oregon</subfield><subfield code="z">Salem.</subfield><subfield code="2">fast</subfield><subfield code="0">(OCoLC)fst01202924</subfield></datafield><datafield ind1=" " ind2="7" tag="651"><subfield code="a">Washington, Eastern.</subfield><subfield code="2">fast</subfield><subfield code="0">(OCoLC)fst01692699</subfield></datafield><datafield ind1=" " ind2=" " tag="752"><subfield code="a">United States</subfield><subfield code="b">Oregon</subfield><subfield code="c">Marion</subfield><subfield code="d">Salem.</subfield></datafield><datafield ind1="1" ind2=" " tag="775"><subfield code="t">Capital press (Salem, Or. : 1988 : [Two star ed.])</subfield><subfield code="w">(DLC)  2007260205</subfield><subfield code="w">(OCoLC)46888681</subfield></datafield><datafield ind1="1" ind2=" " tag="775"><subfield code="t">Capital press (Salem, Or. : 1992 : [Three star] California ed.)</subfield><subfield code="w">(DLC)  2007260206</subfield><subfield code="w">(OCoLC)180688804</subfield></datafield><datafield ind1="1" ind2=" " tag="775"><subfield code="t">Capital press (Salem, Or. : 1991 : [Four star] Idaho ed.)</subfield><subfield code="w">(DLC)  2007260207</subfield><subfield code="w">(OCoLC)180688805</subfield></datafield><datafield ind1="0" ind2="1" tag="780"><subfield code="t">Capital press</subfield><subfield code="w">(DLC)sn 83004623</subfield><subfield code="w">(OCoLC)9953335</subfield></datafield></record>